<?xml version="1.0" encoding="UTF-8"?><record xmlns="http://www.loc.gov/MARC21/slim" xmlns:cinclude="http://apache.org/cocoon/include/1.0" xmlns:zs="http://www.loc.gov/zing/srw/">
  <leader>00412cz  a2200133n  4500</leader>
  <controlfield tag="001">no2010046117</controlfield>
  <controlfield tag="003">DLC</controlfield>
  <controlfield tag="005">20100406174834.0</controlfield>
  <controlfield tag="008">100317n| acannaabn          |n aaa     c</controlfield>
  <datafield tag="010" ind1=" " ind2=" ">
    <subfield code="a">no2010046117</subfield>
    <subfield code="z">n 2010016154</subfield>
  </datafield>
  <datafield tag="035" ind1=" " ind2=" ">
    <subfield code="a">(OCoLC)oca08430267</subfield>
  </datafield>
  <datafield tag="040" ind1=" " ind2=" ">
    <subfield code="a">CSt</subfield>
    <subfield code="b">eng</subfield>
    <subfield code="c">CSt</subfield>
    <subfield code="d">DLC</subfield>
  </datafield>
  <datafield tag="100" ind1="1" ind2=" ">
    <subfield code="a">Moriceau, Caroline,</subfield>
    <subfield code="d">1969-</subfield>
  </datafield>
  <datafield tag="670" ind1=" " ind2=" ">
    <subfield code="a">Les douleurs de l'industrie, c2009:</subfield>
    <subfield code="b">t.p. (Caroline Moriceau) back flap of cover (b. 1969)</subfield>
  </datafield>
</record>